% -------------------- References for Introduction --------------------

@misc{RSE_bando2025,
  title = {Bando TGM7\_2025\_RAC – RSE S.p.A.},
  year = {2025},
  note = {\url{https://www.rse-web.it/bandi/ricercatore-flessibilita-2025}}
}

@book{kundur1994power,
  title={Power System Stability and Control},
  author={Kundur, Prabha},
  year={1994},
  publisher={McGraw-Hill}
}

@misc{ENTSOE_flexibility2023,
  title={Flexibility in the Power System – ENTSO-E Technical Report},
  year={2023},
  note={\url{https://www.entsoe.eu}}
}


-------------------- References Fundamentals of Distribution Networks --------------------
Example BibTeX entries

@book{grainger1994power,
  title={Power System Analysis},
  author={Grainger, John J. and Stevenson, William D.},
  year={1994},
  publisher={McGraw-Hill}
}

@book{kundur1994power,
  title={Power System Stability and Control},
  author={Kundur, Prabha},
  year={1994},
  publisher={McGraw-Hill}
}

@misc{ENTSOE_flexibility2023,
  title={Flexibility in the Power System – ENTSO-E Technical Report},
  year={2023},
  note={\url{https://www.entsoe.eu/Documents/Publications/System_Operations/2023/Flexibility_Report_ENTSOE.pdf}}
}

@inproceedings{CIRED_ADN2019,
  title={Active Distribution Networks: Concepts, Challenges, and Trends},
  author={Pilo, Fabrizio and et al.},
  booktitle={CIRED 2019 Conference Proceedings},
  year={2019}
}

-------------------- References Power Flow and Optimal Power Flow --------------------

@article{zimmerman2011matpower,
  title={MATPOWER: Steady-State Operations, Planning, and Analysis Tools for Power Systems Research and Education},
  author={Zimmerman, Ray D. and Murillo-S{\'a}nchez, Carlos E. and Thomas, Robert J.},
  journal={IEEE Transactions on Power Systems},
  volume={26},
  number={1},
  pages={12--19},
  year={2011}
}

@article{lavaei2012zero,
  title={Zero Duality Gap in Optimal Power Flow Problem},
  author={Lavaei, Javad and Low, Steven H.},
  journal={IEEE Transactions on Power Systems},
  volume={27},
  number={1},
  pages={92--107},
  year={2012}
}

@book{grainger1994power,
	author    = {J. J. Grainger and W. D. Stevenson},
	title     = {Power System Analysis},
	publisher = {McGraw-Hill},
	year      = {1994},
	address   = {New York},
}

@book{saadat2010power,
	author    = {Hadi Saadat},
	title     = {Power System Analysis},
	publisher = {PSA Publishing},
	year      = {2010},
	edition   = {3rd},
}

@book{wood2014power,
	author    = {Allen J. Wood and Bruce F. Wollenberg},
	title     = {Power Generation, Operation, and Control},
	publisher = {Wiley},
	year      = {2014},
	edition   = {3rd},
}

@article{frank2018convex,
	author    = {Seth A. Frank and Jean-Paul Watson and Ross Baldick},
	title     = {Convex Relaxations and Linear Approximations for Optimal Power Flow},
	journal   = {IEEE Transactions on Power Systems},
	volume    = {33},
	number    = {4},
	pages     = {3606--3615},
	year      = {2018},
	doi       = {10.1109/TPWRS.2017.2764240},
}

-------------------- References Flexibility in Distribution Networks --------------------

@misc{CEDEC2019_flexibility,
  title={Flexibility in the Energy Transition: The Role of Distribution System Operators},
  author={{CEDEC, EDSO, Eurelectric, GEODE}},
  year={2019},
  note={\url{https://www.edsoforsmartgrids.eu/wp-content/uploads/2019/03/Joint-paper-on-Flexibility_FINAL.pdf}}
}

@misc{entsoe2023_flexibility,
  title={ENTSO-E Report: Flexibility in the Power System},
  year={2023},
  note={\url{https://www.entsoe.eu}}
}

@article{mohandes2021vpp,
  title={A Review of Virtual Power Plant Models and Their Applications in Power Systems},
  author={Mohandes, B. and et al.},
  journal={Energies},
  volume={14},
  number={9},
  pages={2727},
  year={2021}
}

@misc{IEA_sectorcoupling2021,
  title={Sector Coupling in Europe: Powering the Energy Transition},
  author={{International Energy Agency}},
  year={2021},
  note={\url{https://www.iea.org/reports/sector-coupling-in-europe}}
}
-------------------- References Electricity Markets and Regulation --------------------

@misc{EU2019_cleanenergy,
  title={Clean Energy for All Europeans Package},
  author={{European Commission}},
  year={2019},
  note={\url{https://energy.ec.europa.eu}}
}

@misc{ARERA2021_352,
  title={Deliberazione 352/2021/R/eel: Sperimentazione dei mercati locali della flessibilità},
  author={{ARERA}},
  year={2021},
  note={\url{https://www.arera.it}}
}

@misc{TERNA_UVAM,
  title={Terna UVAM Pilot Projects},
  author={{Terna}},
  note={\url{https://www.terna.it}}
}

@article{frank2018opf,
	author    = {S. Frank and I. Steponavice and S. Rebennack},
	title     = {Convex Relaxations and Linear Approximations for Optimal Power Flow},
	journal   = {IEEE Transactions on Power Systems},
	volume    = {33},
	number    = {4},
	pages     = {2550--2560},
	year      = {2018}
}

@article{molzahn2019opf,
	author    = {Daniel K. Molzahn and Florian Dörfler and Henrik Sandberg and Steven H. Low and Seth H. Backhaus and John C. Doyle},
	title     = {A Survey of Distributed Optimization and Control Algorithms for Electric Power Systems},
	journal   = {IEEE Transactions on Smart Grid},
	volume    = {8},
	number    = {6},
	pages     = {2941--2962},
	year      = {2019}
}

@article{caramanis2016flexibility,
	author    = {Michael Caramanis and Eilyan Bitar and Siddhartha Low and Le Xie},
	title     = {Co-Optimization of Power and Reserves in Electricity Markets with Distributed Energy Resources},
	journal   = {Proceedings of the IEEE},
	volume    = {104},
	number    = {4},
	pages     = {807--836},
	year      = {2016}
}


-------------------- References Optimization Techniques--------------------

@book{Boyd2004ConvexOptimization,
  author={S. Boyd and L. Vandenberghe},
  title={Convex Optimization},
  year={2004},
  publisher={Cambridge University Press}
}

@article{Carvalho2019FlexibilityMarkets,
  author={L. Carvalho, P. Pinson, et al.},
  title={Local Flexibility Markets: A Literature Review and Critical Analysis},
  journal={Renewable and Sustainable Energy Reviews},
  year={2019}
}

@report{RSE2022Optimization,
  author={{RSE}},
  title={Metodi di ottimizzazione per la gestione della flessibilità di rete},
  year={2022},
  note={\url{https://www.rse-web.it}}
}
-------------------- References Control Theory and Automation --------------------

@book{AstromMurray2010,
  author={K. J. Åström and R. M. Murray},
  title={Feedback Systems: An Introduction for Scientists and Engineers},
  publisher={Princeton University Press},
  year={2010}
}

@book{Camacho2013MPC,
  author={E. F. Camacho and C. Bordons},
  title={Model Predictive Control},
  publisher={Springer},
  year={2013}
}

@article{SimpsonPorco2020Microgrids,
  author={J. Simpson-Porco and F. Dorfler},
  title={Voltage Stability and Control in Low-Voltage Microgrids},
  journal={Proceedings of the IEEE},
  year={2020}
}

@report{RSE2023SmartGridControl,
  author={{RSE}},
  title={Controllo e Automazione nelle Reti Elettriche Intelligenti},
  year={2023},
  note={\url{https://www.rse-web.it}}
}
-------------------- References Simulation Tools and Programming --------------------

@article{Thurner2018pandapower,
  author={L. Thurner et al.},
  title={pandapower — An Open-Source Python Tool for Convenient Modeling, Analysis, and Optimization of Electric Power Systems},
  journal={IEEE Transactions on Power Systems},
  year={2018}
}

@report{EPRI_OpenDSS,
  author={{EPRI}},
  title={OpenDSS Manual and Technical Reference},
  year={2023},
  note={\url{https://smartgrid.epri.com/SimulationTool.aspx}}
}

@book{DIgSILENT2023Manual,
  author={{DIgSILENT GmbH}},
  title={PowerFactory User Manual},
  year={2023}
}

@article{Zimmerman2011MATPOWER,
  author={R. D. Zimmerman, C. E. Murillo-Sánchez, R. J. Thomas},
  title={MATPOWER: Steady-State Operations, Planning, and Analysis Tools for Power Systems Research and Education},
  journal={IEEE Transactions on Power Systems},
  year={2011}
}

% -------------------- References Research Methodology and Project Participation --------------------

@book{Creswell2017ResearchDesign,
  author={J. W. Creswell and J. D. Creswell},
  title={Research Design: Qualitative, Quantitative, and Mixed Methods Approaches},
  year={2017},
  publisher={SAGE Publications}
}

@report{ETIP_SNET2023,
  author={{ETIP SNET}},
  title={European Technology and Innovation Platform for Smart Networks for Energy Transition: Implementation Plan 2023-2025},
  year={2023},
  note={\url{https://www.etip-snet.eu/}}
}

@article{Bompard2020ResearchChallenges,
  author={E. Bompard et al.},
  title={Research Challenges in Smart Grids and Energy Systems Integration},
  journal={Electric Power Systems Research},
  year={2020}
}

@report{RSE2024Annual,
  author={{RSE}},
  title={RSE Annual Report 2024: Research Areas and Achievements},
  year={2024},
  note={\url{https://www.rse-web.it/}}
}